@article{boomerAMG,
  title={BoomerAMG: a Parallel Algebraic Multigrid Solver and Preconditioner},
  author={Van Emden Henson and Ulrike Meier Yang},
  journal={Applied Numerical Mathematics},
  volume={41},
  number={5},
  pages={155-177},
  year={2002},
  publisher={SIAM}
}

@Inbook{Falgout2002,
author="Falgout, Robert D.
and Yang, Ulrike Meier",
editor="Sloot, Peter M. A.
and Hoekstra, Alfons G.
and Tan, C. J. Kenneth
and Dongarra, Jack J.",
title="hypre: A Library of High Performance Preconditioners",
bookTitle="Computational Science --- ICCS 2002: International Conference Amsterdam, The Netherlands, April 21--24, 2002 Proceedings, Part III",
year="2002",
publisher="Springer Berlin Heidelberg",
address="Berlin, Heidelberg",
pages="632--641",
isbn="978-3-540-47789-1",
doi="10.1007/3-540-47789-6_66",
url="http://dx.doi.org/10.1007/3-540-47789-6_66"
}

