@article{boomerAMG,
  title={BoomerAMG: a Parallel Algebraic Multigrid Solver and Preconditioner},
  author={Van Emden Henson and Ulrike Meier Yang},
  journal={Applied Numerical Mathematics},
  volume={41},
  number={5},
  pages={155-177},
  year={2002},
  publisher={SIAM}
}

@Inbook{Falgout2002,
author="Falgout, Robert D.
and Yang, Ulrike Meier",
editor="Sloot, Peter M. A.
and Hoekstra, Alfons G.
and Tan, C. J. Kenneth
and Dongarra, Jack J.",
title="hypre: A Library of High Performance Preconditioners",
bookTitle="Computational Science --- ICCS 2002: International Conference Amsterdam, The Netherlands, April 21--24, 2002 Proceedings, Part III",
year="2002",
publisher="Springer Berlin Heidelberg",
address="Berlin, Heidelberg",
pages="632--641",
isbn="978-3-540-47789-1",
doi="10.1007/3-540-47789-6_66",
url="http://dx.doi.org/10.1007/3-540-47789-6_66"
}

@article{MPFR,
 author = {Fousse, Laurent and Hanrot, Guillaume and Lef\`{e}vre, Vincent and P{\'e}lissier, Patrick and Zimmermann, Paul},
 title = {MPFR: A Multiple-precision Binary Floating-point Library with Correct Rounding},
 journal = {ACM Trans. Math. Softw.},
 issue_date = {June 2007},
 volume = {33},
 number = {2},
 month = jun,
 year = {2007},
 issn = {0098-3500},
 articleno = {13},
 url = {http://doi.acm.org/10.1145/1236463.1236468},
 doi = {10.1145/1236463.1236468},
 acmid = {1236468},
 publisher = {ACM},
 address = {New York, NY, USA},
 keywords = {IEEE 754 standard, Multiple-precision arithmetic, correct rounding, elementary function, floating-point arithmetic, portable software},
} 

@misc{MPFR_link,
  title={The GNU MPFR Library},
 note={\url{http://www.mpfr.org}}
}


@article{Ashby1996,
author = {Steven F. Ashby and Robert D. Falgout},
title = {A Parallel Multigrid Preconditioned Conjugate Gradient Algorithm for Groundwater Flow Simulations},
journal = {Nuclear Science and Engineering},
volume = {124},
number = {1},
pages = {145-159},
year = {1996},
doi = {10.13182/NSE96-A24230},

URL = { 
        http://dx.doi.org/10.13182/NSE96-A24230
    
},
eprint = { 
        http://dx.doi.org/10.13182/NSE96-A24230
    
}

}

@Inbook{Hackbusch1991,
author="Hackbusch, W.",
editor="Spedicato, Emilio",
title="Multi-Grid Algorithms",
bookTitle="Computer Algorithms for Solving Linear Algebraic Equations: The State of the Art",
year="1991",
publisher="Springer Berlin Heidelberg",
address="Berlin, Heidelberg",
pages="133--160",
abstract="Multi-grid methods belong to the class of the fastest iterations, since their convergence rate is independent of the step size h. Their applicability does not require symmetry or positive definiteness. Further, it is easy to generalise multi-grid methods to nonlinear problems.",
isbn="978-3-642-76717-3",
doi="10.1007/978-3-642-76717-3_6",
url="https://doi.org/10.1007/978-3-642-76717-3_6"
}

@inproceedings{Gupta:2011,
 author = {Gupta, Vaibhav and Mohapatra, Debabrata and Park, Sang Phill and Raghunathan, Anand and Roy, Kaushik},
 title = {IMPACT: Imprecise Adders for Low-power Approximate Computing},
 booktitle = {Proceedings of the 17th IEEE/ACM International Symposium on Low-power Electronics and Design},
 series = {ISLPED '11},
 year = {2011},
 isbn = {978-1-61284-660-6},
 location = {Fukuoka, Japan},
 pages = {409--414},
 numpages = {6},
 url = {http://dl.acm.org/citation.cfm?id=2016802.2016898},
 acmid = {2016898},
 publisher = {IEEE Press},
 address = {Piscataway, NJ, USA},
 keywords = {approximate computing, low-power, mirror adder},
} 
@article{Park:2010,
 author = {Park, Jongsun and Choi, Jung Hwan and Roy, Kaushik},
 title = {Dynamic Bit-width Adaptation in DCT: An Approach to Trade off Image Quality and Computation Energy},
 journal = {IEEE Trans. Very Large Scale Integr. Syst.},
 issue_date = {May 2010},
 volume = {18},
 number = {5},
 month = may,
 year = {2010},
 issn = {1063-8210},
 pages = {787--793},
 numpages = {7},
 url = {http://dx.doi.org/10.1109/TVLSI.2009.2016839},
 doi = {10.1109/TVLSI.2009.2016839},
 acmid = {1890856},
 publisher = {IEEE Educational Activities Department},
 address = {Piscataway, NJ, USA},
 keywords = {Discrete cosine transform (DCT), discrete cosine transform (DCT), dynamic bit-width, dynamic bitwidth, low power design, reconfigurable architecture},
} 
@inproceedings{Sampson:2011,
 author = {Sampson, Adrian and Dietl, Werner and Fortuna, Emily and Gnanapragasam, Danushen and Ceze, Luis and Grossman, Dan},
 title = {EnerJ: Approximate Data Types for Safe and General Low-power Computation},
 booktitle = {Proceedings of the 32Nd ACM SIGPLAN Conference on Programming Language Design and Implementation},
 series = {PLDI '11},
 year = {2011},
 isbn = {978-1-4503-0663-8},
 location = {San Jose, California, USA},
 pages = {164--174},
 numpages = {11},
 url = {http://doi.acm.org/10.1145/1993498.1993518},
 doi = {10.1145/1993498.1993518},
 acmid = {1993518},
 publisher = {ACM},
 address = {New York, NY, USA},
 keywords = {accuracy-aware computing, critical data, energy, power-aware computing, soft errors},
} 
@article{JAMESON,
title = "Solution of the Euler equations for two dimensional transonic flow by a multigrid method",
journal = "Applied Mathematics and Computation",
volume = "13",
number = "3",
pages = "327 - 355",
year = "1983",
issn = "0096-3003",
doi = "https://doi.org/10.1016/0096-3003(83)90019-X",
url = "http://www.sciencedirect.com/science/article/pii/009630038390019X",
author = "Antony Jameson"
}

@inproceedings{Gahvari11,
 author = {Gahvari, Hormozd and Baker, Allison H. and Schulz, Martin and Yang, Ulrike Meier and Jordan, Kirk E. and Gropp, William},
 title = {Modeling the Performance of an Algebraic Multigrid Cycle on HPC Platforms},
 booktitle = {Proceedings of the International Conference on Supercomputing},
 series = {ICS '11},
 year = {2011},
 isbn = {978-1-4503-0102-2},
 location = {Tucson, Arizona, USA},
 pages = {172--181},
 numpages = {10},
 url = {http://doi.acm.org/10.1145/1995896.1995924},
 doi = {10.1145/1995896.1995924},
 acmid = {1995924},
 publisher = {ACM},
 address = {New York, NY, USA},
 keywords = {algebraic multigrid, massively parallel architectures, performance modeling, scaling},
} 

@inproceedings{Casas12,
 author = {Casas, Marc and de Supinski, Bronis R. and Bronevetsky, Greg and Schulz, Martin},
 title = {Fault Resilience of the Algebraic Multi-grid Solver},
 booktitle = {Proceedings of the 26th ACM International Conference on Supercomputing},
 series = {ICS '12},
 year = {2012},
 isbn = {978-1-4503-1316-2},
 location = {San Servolo Island, Venice, Italy},
 pages = {91--100},
 numpages = {10},
 url = {http://doi.acm.org/10.1145/2304576.2304590},
 doi = {10.1145/2304576.2304590},
 acmid = {2304590},
 publisher = {ACM},
 address = {New York, NY, USA},
 keywords = {algebraic multi-grid solver, resilience, transient faults.},
}

@article{Mittal2016,
 author = {Mittal, Sparsh},
 title = {A Survey of Techniques for Approximate Computing},
 journal = {ACM Comput. Surv.},
 issue_date = {May 2016},
 volume = {48},
 number = {4},
 month = mar,
 year = {2016},
 issn = {0360-0300},
 pages = {62:1--62:33},
 articleno = {62},
 numpages = {33},
 url = {http://doi.acm.org/10.1145/2893356},
 doi = {10.1145/2893356},
 acmid = {2893356},
 publisher = {ACM},
 address = {New York, NY, USA},
 keywords = {CPU, FPGA, GPU, Review, approximate computing technique (ACT), approximate storage, classification, neural networks, quality configurability},
}

@INPROCEEDINGS{Chippa2013,
author={V. K. Chippa and S. T. Chakradhar and K. Roy and A. Raghunathan},
booktitle={2013 50th ACM/EDAC/IEEE Design Automation Conference (DAC)},
title={Analysis and characterization of inherent application resilience for approximate computing},
year={2013},
volume={},
number={},
pages={1-9},
keywords={data mining;hardware-software codesign;ARC;application resilience characterization;approximate computing;data mining;design paradigm;inherent application resilience;Approximation methods;Computational modeling;Hardware;Kernel;Measurement;Resilience;Approximate Computing;Inherent Application Resilience;Resilience Characterization},
doi={10.1145/2463209.2488873},
ISSN={0738-100X},
month={May},} 

@article{Grigorian2015,
 author = {Grigorian, Beayna and Reinman, Glenn},
 title = {Accelerating Divergent Applications on SIMD Architectures Using Neural Networks},
 journal = {ACM Trans. Archit. Code Optim.},
 issue_date = {April 2015},
 volume = {12},
 number = {1},
 month = mar,
 year = {2015},
 issn = {1544-3566},
 pages = {2:1--2:23},
 articleno = {2},
 numpages = {23},
 url = {http://doi.acm.org/10.1145/2717311},
 doi = {10.1145/2717311},
 acmid = {2717311},
 publisher = {ACM},
 address = {New York, NY, USA},
 keywords = {Branch divergence, approximate computing, hardware acceleration, neural networks},
}

@inproceedings{Yeh2007,
 author = {Yeh, Thomas and Faloutsos, Petros and Ercegovac, Milos and Patel, Sanjay and Reinman, Glenn},
 title = {The Art of Deception: Adaptive Precision Reduction for Area Efficient Physics Acceleration},
 booktitle = {Proceedings of the 40th Annual IEEE/ACM International Symposium on Microarchitecture},
 series = {MICRO 40},
 year = {2007},
 isbn = {0-7695-3047-8},
 pages = {394--406},
 numpages = {13},
 url = {http://dx.doi.org/10.1109/MICRO.2007.41},
 doi = {10.1109/MICRO.2007.41},
 acmid = {1331734},
 publisher = {IEEE Computer Society},
 address = {Washington, DC, USA},
}

@inproceedings{Tian2015,
 author = {Tian, Ye and Zhang, Qian and Wang, Ting and Yuan, Feng and Xu, Qiang},
 title = {ApproxMA: Approximate Memory Access for Dynamic Precision Scaling},
 booktitle = {Proceedings of the 25th Edition on Great Lakes Symposium on VLSI},
 series = {GLSVLSI '15},
 year = {2015},
 isbn = {978-1-4503-3474-7},
 location = {Pittsburgh, Pennsylvania, USA},
 pages = {337--342},
 numpages = {6},
 url = {http://doi.acm.org/10.1145/2742060.2743759},
 doi = {10.1145/2742060.2743759},
 acmid = {2743759},
 publisher = {ACM},
 address = {New York, NY, USA},
 keywords = {approximate computing, memory access, precision scaling},
}

@inproceedings{Sidiroglou2011,
 author = {Sidiroglou-Douskos, Stelios and Misailovic, Sasa and Hoffmann, Henry and Rinard, Martin},
 title = {Managing Performance vs. Accuracy Trade-offs with Loop Perforation},
 booktitle = {Proceedings of the 19th ACM SIGSOFT Symposium and the 13th European Conference on Foundations of Software Engineering},
 series = {ESEC/FSE '11},
 year = {2011},
 isbn = {978-1-4503-0443-6},
 location = {Szeged, Hungary},
 pages = {124--134},
 numpages = {11},
 url = {http://doi.acm.org/10.1145/2025113.2025133},
 doi = {10.1145/2025113.2025133},
 acmid = {2025133},
 publisher = {ACM},
 address = {New York, NY, USA},
 keywords = {loop perforation, profiling, quality of service},
}

@inproceedings{Miguel2014,
 author = {Miguel, Joshua San and Badr, Mario and Jerger, Natalie Enright},
 title = {Load Value Approximation},
 booktitle = {Proceedings of the 47th Annual IEEE/ACM International Symposium on Microarchitecture},
 series = {MICRO-47},
 year = {2014},
 isbn = {978-1-4799-6998-2},
 location = {Cambridge, United Kingdom},
 pages = {127--139},
 numpages = {13},
 url = {http://dx.doi.org/10.1109/MICRO.2014.22},
 doi = {10.1109/MICRO.2014.22},
 acmid = {2742169},
 publisher = {IEEE Computer Society},
 address = {Washington, DC, USA},
}

@INPROCEEDINGS{Brumar2017,
author={I. Brumar and M. Casas and M. Moreto and M. Valero and G. S. Sohi},
booktitle={2017 IEEE International Parallel and Distributed Processing Symposium (IPDPS)},
title={ATM: Approximate Task Memoization in the Runtime System},
year={2017},
volume={},
number={},
pages={1140-1150},
keywords={approximation theory;parallel processing;ATM;adaptive algorithm;approximate task memoization technique;dynamic redundancy;Approximate computing;Data structures;History;Parallel processing;Programming;Redundancy;Runtime},
doi={10.1109/IPDPS.2017.49},
ISSN={},
month={May},}

@article{Alvarez2005,
author = {Carlos Alvarez and Jesus Corbal and Mateo Valero},
title = {Fuzzy Memoization for Floating-Point Multimedia Applications},
journal = {IEEE Transactions on Computers},
volume = {54},
number = {},
issn = {0018-9340},
year = {2005},
pages = {922-927},
doi = {doi.ieeecomputersociety.org/10.1109/TC.2005.119},
publisher = {IEEE Computer Society},
address = {Los Alamitos, CA, USA},
}     
